Automatically generated by Mendeley Desktop 1.19
Any changes to this file will be lost if it is regenerated by Mendeley.

BibTeX export options can be customized via Preferences -> BibTeX in Mendeley Desktop

@article{Ward2009,
author = {Ward, Gill and Hastie, Trevor and Barry, Simon and Elith, Jane and Leathwick, John R.},
doi = {10.1111/j.1541-0420.2008.01116.x},
file = {:Users/shi-on/Library/Application Support/Mendeley Desktop/Downloaded/Ward et al. - 2009 - Presence-Only Data and the EM Algorithm(2).pdf:pdf},
issn = {0006341X},
journal = {Biometrics},
keywords = {Boosted trees,EM algorithm,Logistic model,Presence‐only data,Use‐availability data},
month = {jun},
number = {2},
pages = {554--563},
publisher = {Wiley/Blackwell (10.1111)},
title = {{Presence-Only Data and the EM Algorithm}},
url = {http://doi.wiley.com/10.1111/j.1541-0420.2008.01116.x},
volume = {65},
year = {2009}
}
@article{Phillips2006,
archivePrefix = {arXiv},
arxivId = {11265},
author = {Phillips, Steven J and Anderson, Robert P and Schapire, Robert E},
doi = {10.1016/j.ecolmodel.2005.03.026},
eprint = {11265},
file = {:Users/shi-on/Library/Application Support/Mendeley Desktop/Downloaded/Maximum entropy modeling of species geographic distributions.pdf:pdf},
isbn = {033},
issn = {14666650},
journal = {Ecological Modelling 190 (2006) 231–259},
keywords = {Ammonia,CMAQ,Dry deposition,Flux,Modelling,Nitrogen,Wet deposition},
pmid = {1474},
title = {{Maximum entropy modeling of species geographic distributions}},
year = {2006}
}
@article{Renner2013,
author = {Renner, Ian W. and Warton, David I.},
doi = {10.1111/j.1541-0420.2012.01824.x},
file = {:Users/shi-on/Library/Application Support/Mendeley Desktop/Downloaded/Renner{\_}et{\_}al-2013-Biometrics.pdf:pdf},
isbn = {1541-0420},
issn = {0006341X},
journal = {Biometrics},
keywords = {Habitat modeling,Location-only,Maximum entropy,Poisson likelihood,Presence-only data,Use-availability},
number = {1},
pages = {274--281},
pmid = {23379623},
title = {{Equivalence of MAXENT and Poisson Point Process Models for Species Distribution Modeling in Ecology}},
volume = {69},
year = {2013}
}
@article{FitzpatrickMC;GotelliNJ;Ellison2013,
author = {{Fitzpatrick, MC; Gotelli, NJ; Ellison}, Am},
doi = {10.1890/es13-00066.1},
file = {:Users/shi-on/Library/Application Support/Mendeley Desktop/Downloaded/MaxEnt versus MaxLike- empirical comparisons with ant species distributions.pdf:pdf},
isbn = {2150-8925},
issn = {2150-8925},
journal = {Ecosphere},
keywords = {ecological niche modeling,myrmecology,new england,occurrence probability,presence-only data,species distribution modeling},
number = {May},
pages = {1--15},
title = {{MaxEnt vs. MaxLike: Empirical comparisons with ant species distributions}},
url = {http://scholar.google.com/scholar?hl=en{\&}btnG=Search{\&}q=intitle:MaxEnt+versus+MaxLike+:+empirical+comparisons+with+ant+species+distributions{\#}0},
volume = {4},
year = {2013}
}
@article{Royle2012,
doi = {10.1111/j.2041-210X.2011.00182.x},
file = {:Users/shi-on/Library/Application Support/Mendeley Desktop/Downloaded/Royle et al. 2012 - Likelihood analysis of species occurrence probability from presence-only data for modelling species distributions.pdf:pdf},
isbn = {2041-210X},
issn = {2041210X},
journal = {Methods in Ecology and Evolution},
keywords = {Bayes' rule,Detection probability,Logistic regression,Occupancy model,Occurrence probability,Presence-only data,Species distribution model,maxent},
number = {3},
pages = {545--554},
title = {{Likelihood analysis of species occurrence probability from presence-only data for modelling species distributions}},
volume = {3},
year = {2012}
}
@article{Lydakis2018,
author = {Lydakis, Andreas and Allen, Jenica M. and Petrik, Marek and Szewczyk, Tim M.},
file = {:Users/shi-on/Library/Application Support/Mendeley Desktop/Downloaded/Invasive.pdf:pdf},
journal = {IJCAI Artificial Intelligence for Wildlife Conservation},
title = {{Robust strategies for managing invasive plants}},
year = {2018}
}
@article{Phillips2009,
archivePrefix = {arXiv},
arxivId = {1132},
author = {Phillips, S. J.},
doi = {10.1890/07-2153.1},
eprint = {1132},
file = {:Users/shi-on/Library/Application Support/Mendeley Desktop/Downloaded/Phillips{\_}et{\_}al-2009-Ecological{\_}Applications.pdf:pdf},
isbn = {1051-0761},
issn = {1051-0761},
journal = {Ecological Applications},
keywords = {background data,niche modeling,presence-only distribution models,pseudo-absence,sample selection bias,species distribution modeling,target group},
number = {1},
pages = {181--197},
pmid = {19323182},
title = {{Sample selection bias and presence-only distribution models : implications for background and pseudo-absence data Reference Sample selection bias and presence-only distribution models : implications for background and pseudo-absence data}},
volume = {19},
year = {2009}
}
@article{Fithian2013,
archivePrefix = {arXiv},
arxivId = {1207.6950},
author = {Fithian, William and Hastie, Trevor},
doi = {10.1214/13-AOAS667},
eprint = {1207.6950},
file = {:Users/shi-on/Library/Application Support/Mendeley Desktop/Downloaded/FINITE-SAMPLE EQUIVALENCE IN STATISTICAL MODELS FOR PRESENCE-ONLY DATA.pdf:pdf},
isbn = {1932-6157},
issn = {19326157},
journal = {Annals of Applied Statistics},
keywords = {Case-control sampling,Logistic regression,Maximum entropy,Poisson process models,Presence-only data,Species modeling},
number = {4},
pages = {1917--1939},
pmid = {25493106},
title = {{Finite-sample equivalence in statistical models for presence-only data}},
volume = {7},
year = {2013}
}
@article{Phillips2008,
archivePrefix = {arXiv},
arxivId = {10.1111/j.2007.0906-7590.05203.x},
author = {Phillips, Steven J. and Dud{\'{i}}k, Miroslav},
doi = {10.1111/j.2007.0906-7590.05203.x},
eprint = {j.2007.0906-7590.05203.x},
file = {:Users/shi-on/Library/Application Support/Mendeley Desktop/Downloaded/Modeling of species distributions with Maxent - new extensions and a comprehensive evaluation - Phillips{\_}et{\_}al-2008-Ecography.pdf:pdf},
isbn = {0906-7590},
issn = {0007-1188},
journal = {Ecograpy},
keywords = {05203,0906-7590,10,1111,161 {\'{a}} 175,2007,2007 at,2007 ecography,2008,accepted 13 december 2007,doi,graphy 31,inc,j,jo,journal compilation,t,x},
number = {December 2007},
pages = {161--175},
pmid = {3245},
primaryClass = {10.1111},
title = {{Modeling of species distribution with Maxent: new extensions and a comprehensive evalutation}},
volume = {31},
year = {2008}
}
